@book{FrocMasc2021,
title = {Maschinelles Lernen : Grundlagen und Algorithmen in Python},
author = {Jörg Frochte},
edition = {3., überarbeitete und erweiterte Auflage},
publisher = {Hanser},
address = {München},
year = {[2021]2021},
note = {1 Online-Ressource (608 Seiten) : Illustrationen, Diagramme},
keywords = {Python 3.0; Künstliche Intelligenz},
ISBN = {9783446463554},
doi = {10.3139/9783446463554}
}